@Manual{R-base,
  title = {R: A Language and Environment for Statistical Computing},
  author = {{R Core Team}},
  organization = {R Foundation for Statistical Computing},
  address = {Vienna, Austria},
  year = {2017},
  url = {https://www.R-project.org/},
}
@Manual{R-bookdown,
  title = {bookdown: Authoring Books and Technical Documents with R Markdown},
  author = {Yihui Xie},
  year = {2018},
  note = {R package version 0.7},
  url = {https://CRAN.R-project.org/package=bookdown},
}
@Manual{R-knitr,
  title = {knitr: A General-Purpose Package for Dynamic Report Generation in R},
  author = {Yihui Xie},
  year = {2018},
  note = {R package version 1.20},
  url = {https://CRAN.R-project.org/package=knitr},
}
@Manual{R-rmarkdown,
  title = {rmarkdown: Dynamic Documents for R},
  author = {JJ Allaire and Yihui Xie and Jonathan McPherson and Javier Luraschi and Kevin Ushey and Aron Atkins and Hadley Wickham and Joe Cheng and Winston Chang},
  year = {2018},
  note = {R package version 1.9},
  url = {https://CRAN.R-project.org/package=rmarkdown},
}
@book{Stevens2009,
author = {Stevens, M. Henry H.},
file = {:C$\backslash$:/Users/ciesp/OneDrive/Documentos/Mendeley Desktop/Stevens - 2009 - A Primer of Ecology with R.pdf:pdf},
isbn = {9780387898810},
keywords = {Ecology,R project},
mendeley-groups = {Birds and bats},
mendeley-tags = {Ecology,R project},
pages = {401},
title = {{A Primer of Ecology with R}},
year = {2009}
}
